<record><leader>00000cas a22000007a 4500</leader><controlfield tag="001">14986015</controlfield><controlfield tag="008">861217d18481854inuwr ne      0    0eng d</controlfield><datafield ind1=" " ind2=" " tag="010"><subfield code="a">sn 86059112 </subfield></datafield><datafield ind1=" " ind2=" " tag="040"><subfield code="a">NPI</subfield><subfield code="b">eng</subfield><subfield code="c">NPI</subfield><subfield code="d">OCL</subfield><subfield code="d">OCLCQ</subfield></datafield><datafield ind1=" " ind2=" " tag="042"><subfield code="a">msc</subfield></datafield><datafield ind1="0" ind2="0" tag="245"><subfield code="a">Wabash commercial.</subfield></datafield><datafield ind1="3" ind2="0" tag="246"><subfield code="a">Commercial-extra</subfield></datafield><datafield ind1=" " ind2=" " tag="260"><subfield code="a">Williamsport, Ia. [i.e. Ind.] :</subfield><subfield code="b">Enos K'Nutt,</subfield><subfield code="c">-1854.</subfield></datafield><datafield ind1=" " ind2=" " tag="310"><subfield code="a">Weekly</subfield></datafield><datafield ind1="1" ind2=" " tag="362"><subfield code="a">Began in 1848.</subfield></datafield><datafield ind1="0" ind2=" " tag="362"><subfield code="a">-v. 6, no. 37 (Dec. 6, 1854).</subfield></datafield><datafield ind1=" " ind2=" " tag="500"><subfield code="a">Vol. 76, no. 35-37 called: Commercial--extra.</subfield></datafield><datafield ind1=" " ind2=" " tag="588"><subfield code="a">Description based on: Vol. 2, no. 10 (Nov. 1, 1849).</subfield></datafield><datafield ind1=" " ind2=" " tag="752"><subfield code="a">United States</subfield><subfield code="b">Indiana</subfield><subfield code="c">Warren</subfield><subfield code="d">Williamsport.</subfield></datafield><datafield ind1="0" ind2="0" tag="785"><subfield code="t">Warren Republican (Williamsport, Ind. : 1854)</subfield><subfield code="w">(DLC)sn 84038252</subfield></datafield></record>